<?xml version="1.0" encoding="UTF-8"?><record xmlns="http://www.loc.gov/MARC21/slim" xmlns:cinclude="http://apache.org/cocoon/include/1.0" xmlns:zs="http://www.loc.gov/zing/srw/">
  <leader>00392nz  a2200121n  4500</leader>
  <controlfield tag="001">no 95000808 </controlfield>
  <controlfield tag="003">DLC</controlfield>
  <controlfield tag="005">19950111114145.6</controlfield>
  <controlfield tag="008">950111n| acannaab|          |n aaa     c</controlfield>
  <datafield tag="010" ind1=" " ind2=" ">
    <subfield code="a">no 95000808 </subfield>
  </datafield>
  <datafield tag="040" ind1=" " ind2=" ">
    <subfield code="a">DJBF</subfield>
    <subfield code="c">DJBF</subfield>
  </datafield>
  <datafield tag="100" ind1="1" ind2="0">
    <subfield code="a">Hartantyo, Budi</subfield>
  </datafield>
  <datafield tag="670" ind1=" " ind2=" ">
    <subfield code="a">International commodity development strategies, 1993:</subfield>
    <subfield code="b">t.p. (Budi Hartantyo) cover p. 4 (managing director of Common Fund for Commodities)</subfield>
  </datafield>
</record>